
============== Inproceedings ==============
@INPROCEEDINGS{Brito:2016,
  author={M. S. D. Brito and S. Hoque and R. Steinke and A. Willner},
  booktitle={2016 IEEE 1st International Workshops on Foundations and Applications of Self* Systems (FAS*W)},
  title={Towards Programmable Fog Nodes in Smart Factories},
  year={2016},
  pages={236-241},
  keywords={Fog Computing;IIRA;M2M;OneM2M;RAMI},
  doi={10.1109/FAS-W.2016.57},
  month={Sept},
}

@INPROCEEDINGS{Lom:2016,
  author={M. Lom and O. Pribyl and M. Svitek},
  booktitle={2016 Smart Cities Symposium Prague (SCSP)},
  title={Industry 4.0 as a part of smart cities},
  year={2016},
  pages={1-6},
  doi={10.1109/SCSP.2016.7501015},
  month={May},
}

INPROCEEDINGS{Stubbs2015,
  author={J. Stubbs and W. Moreira and R. Dooley},
  booktitle={2015 7th International Workshop on Science Gateways},
  title={Distributed Systems of Microservices Using Docker and Serfnode},
  year={2015},
  pages={34-39},
  doi={10.1109/IWSG.2015.16},
  month={June},
}

@INPROCEEDINGS{Yannuzzi:2014,
  author={M. Yannuzzi and R. Milito and R. Serral-Gracià and D. Montero and M. Nemirovsky},
  booktitle={2014 IEEE 19th International Workshop on Computer Aided Modeling and Design of Communication Links and Networks (CAMAD)},
  title={Key ingredients in an IoT recipe: Fog Computing, Cloud computing, and more Fog Computing},
  year={2014},
  pages={325-329},
  doi={10.1109/CAMAD.2014.7033259},
  ISSN={2378-4865},
  month={Dec},
}

@INPROCEEDINGS{Pahl:2015,
  author={C. Pahl and B. Lee},
  booktitle={2015 3rd International Conference on Future Internet of Things and Cloud},
  title={Containers and Clusters for Edge Cloud Architectures -- A Technology Review},
  year={2015},
  pages={379-386},
  doi={10.1109/FiCloud.2015.35},
  month={Aug},
}

@INPROCEEDINGS{Pahl:2016,
  author={C. Pahl and S. Helmer and L. Miori and J. Sanin and B. Lee},
  booktitle={2016 IEEE 4th International Conference on Future Internet of Things and Cloud Workshops (FiCloudW)},
  title={A Container-Based Edge Cloud PaaS Architecture Based on Raspberry Pi Clusters},
  year={2016},
  pages={117-124},
  doi={10.1109/W-FiCloud.2016.36},
  month={Aug}
}

@INPROCEEDINGS{Lee:2008,
  author={E. A. Lee},
  booktitle={2008 11th IEEE International Symposium on Object and Component-Oriented Real-Time Distributed Computing (ISORC)},
  title={Cyber Physical Systems: Design Challenges},
  year={2008},
  pages={363-369},
  doi={10.1109/ISORC.2008.25},
  ISSN={1555-0885},
  month={May}
}

@INPROCEEDINGS{Rui:2015,
  author={J. Rui and S. Danpeng},
  booktitle={2015 Seventh International Conference on Measuring Technology and Mechatronics Automation},
  title={Architecture Design of the Internet of Things Based on Cloud Computing},
  year={2015},
  pages={206-209},
  doi={10.1109/ICMTMA.2015.57},
  ISSN={2157-1473},
  month={June}
}

INPROCEEDINGS{Lee2016,
  author={H. Lee and S. Yoo and Y. W. Kim},
  booktitle={2016 18th International Conference on Advanced Communication Technology (ICACT)},
  title={An energy management framework for smart factory based on context-awareness},
  year={2016},
  pages={685-688},
  doi={10.1109/ICACT.2016.7423520},
  month={Jan}
}

@INPROCEEDINGS{Kra:2013,
	author={T. Kramp and R. van Kranenburg and S. Lange},
	booktitle={Enabling Things to Talk},
	title={Introduction to the Internet of Things},
	year={2013},
	volume={1},
	publisher={Springer-Verlag Berlin Heidelberg},
	isbn={978-3-642-40402-3},
	doi={10.1007/978-3-642-40403-0},
	pages={1-10},
}

INPROCEEDINGS{Pahl2016,
  author={C. Pahl and S. Helmer and L. Miori and J. Sanin and B. Lee},
  booktitle={2016 IEEE 4th International Conference on Future Internet of Things and Cloud Workshops (FiCloudW)},
  title={A Container-Based Edge Cloud PaaS Architecture Based on Raspberry Pi Clusters},
  year={2016},
  pages={117-124},
  doi={10.1109/W-FiCloud.2016.36},
  month={Aug}
}

INPROCEEDINGS{Ramalho2016,
  author={F. Ramalho and A. Neto},
  booktitle={2016 IEEE 17th International Symposium on A World of Wireless, Mobile and Multimedia Networks (WoWMoM)},
  title={Virtualization at the network edge: A performance comparison},
  year={2016},
  pages={1-6},
  doi={10.1109/WoWMoM.2016.7523584},
  month={June}
}

@INPROCEEDINGS{Tosatto:2015,
  author={A. Tosatto and P. Ruiu and A. Attanasio},
  booktitle={2015 Ninth International Conference on Complex, Intelligent, and Software Intensive Systems},
  title={Container-Based Orchestration in Cloud: State of the Art and Challenges},
  year={2015},
  pages={70-75},
  doi={10.1109/CISIS.2015.35},
  month={July}
}

@inproceedings{Soltesz:2007,
 author = {S. Soltesz and H. P\"{o}tzl and M. E. Fiuczynski and A. Bavier and L. Peterson},
 title = {Container-based Operating System Virtualization: A Scalable, High-performance Alternative to Hypervisors},
 booktitle = {Proceedings of the 2Nd ACM SIGOPS/EuroSys European Conference on Computer Systems 2007},
 series = {EuroSys '07},
 year = {2007},
 isbn = {978-1-59593-636-3},
 location = {Lisbon, Portugal},
 pages = {275--287},
 numpages = {13},
 url = {http://doi.acm.org/10.1145/1272996.1273025},
 doi = {10.1145/1272996.1273025},
 acmid = {1273025},
 publisher = {ACM},
 address = {New York, NY, USA}
}

@INPROCEEDINGS{Celesti:2016,
  author={A. Celesti and D. Mulfari and M. Fazio and M. Villari and A. Puliafito},
  booktitle={2016 IEEE International Conference on Smart Computing (SMARTCOMP)},
  title={Exploring Container Virtualization in IoT Clouds},
  year={2016},
  pages={1-6},
  doi={10.1109/SMARTCOMP.2016.7501691},
  month={May}
}

@INPROCEEDINGS{Anderson:2016,
  author={J. Anderson and H. Hu and U. Agarwal and C. Lowery and H. Li and A. Apon},
  booktitle={2016 International Conference on Computing, Networking and Communications (ICNC)},
  title={Performance considerations of network functions virtualization using containers},
  year={2016},
  pages={1-7},
  doi={10.1109/ICCNC.2016.7440668},
  month={Feb}
}





============== Misc ==============
misc{kura,
  key={kura},
  title={kura},
  howpublished={\url{http://www.eclipse.org/kura/}},
  note={Accessed: 2017-01-23}
}

misc{mihini,
  key={Mihini},
  title={Mihini},
  howpublished={\url{https://wiki.eclipse.org/Mihini}},
  note={Accessed: 2017-01-23}
}

misc{resin,
  key={resin.io},
  title={resin.io},
  howpublished={\url{https://resin.io/}},
  note={Accessed: 2017-01-23}
}

misc{git,
  key={git},
  title={git},
  howpublished={\url{https://git-scm.com/}},
  note={Accessed: 2017-01-23}
}

misc{androidInstantApps,
  key={Android Instant https://www.strategicmanagementinsight.com/topics/vertical-integration.htmlApps},
  title={Android Instant Apps},
  howpublished={\url{https://developer.android.com/topic/instant-apps/index.html}},
  note={Accessed: 2017-01-25}
}

misc{coreOS,
  key={CoreOS},
  title={CoreOS},
  howpublished={\url{https://coreos.com/}},
  note={Accessed: 2017-01-17}
}

misc{kubernetes,
  key={Kubernetes},
  title={Kubernetes},
  howpublished={\url{https://kubernetes.io/}},
  note={Accessed: 2017-01-17}
}

@misc{dockerSwarm,
  key={Docker Swarm Documentation},
  title={Docker Swarm Documentation},
  howpublished={\url{https://docs.docker.com/engine/swarm}},
  note={Accessed: 2017-03-18}
}

misc{openShift,
  key={OpenShift},
  title={OpenShift},
  howpublished={\url{https://www.openshift.com/}},
  note={Accessed: 2017-01-19}
}

misc{dockerRemoteApi,
  key={Docker Remote API},
  title={Docker Remote API},
  howpublished={\url{https://docs.docker.com/engine/reference/api/docker_remote_api/}},
  note={Accessed: 2017-01-19}
}

@misc{OpenStackDoc,
  key={OpenStack Documentation},
  title={Software » OpenStack Open Source Cloud Computing Software},
  howpublished={\url{https://www.openstack.org/software}},
  note={Accessed: 2017-03-21}
}

@misc{openBatonDoc,
  key={OpenBaton Documentation},
  title={OpenBaton Documentation},
  howpublished={\url{http://openbaton.github.io/documentation}},
  note={Accessed: 2017-03-18}
}

@misc{dockerEngine,
  key={Docker Engine},
  title={Docker Overview - Docker},
  howpublished={\url{https://docs.docker.com/engine/understanding-docker/}},
  note={Accessed: 2017-02-24}
}

@misc{dockerImages,
  key={Docker Images},
  title={Understand images, containers, and storage drivers - Docker},
  howpublished={\url{https://docs.docker.com/engine/userguide/storagedriver/imagesandcontainers/}},
  note={Accessed: 2017-02-24}
}

@misc{Wei:1991,
	author={M. Weiser},
	title={The Computer for the 21st Century},
	month={September},
	year={1991},
	url={http://www.ubiq.com/hypertext/weiser/SciAmDraft3.html},
  note={Accessed: 2017-02-12}
}

@misc{Jur:2013,
	author={O. Jurevicius},
	title={Vertical Integration},
	month={April},
	year={2013},
	url={https://www.strategicmanagementinsight.com/topics/vertical-integration.html},
  note={Accessed: 2017-02-13}
}

@misc{Bosche:2016,
	author={A. Bosche and D. Crawford and D. Jackson and M. Schallehn and P. Smith},
	title={How Providers Can Succeed in the Internet of Things},
	month={Aug},
	year={2016},
	url={http://bain.com/publications/articles/how-providers-can-succeed-in-the-internet-of-things.aspx},
  note={Accessed: 2017-02-20}
}

@misc{Grant:2015,
	author={B. Grant},
	title={Kubernetes: a platform for automating deployment, scaling, and operations},
	month={Nov},
	year={2015},
	url={https://www.slideshare.net/BrianGrant11/wso2con-us-2015-kubernetes-a-platform-for-automating-deployment-scaling-and-operations},
  note={Accessed: 2017-02-27}
}

@misc{MSV:2016,
	author={J. MSV},
	title={Kubernetes architecture},
	month={Oct},
	year={2016},
	url={https://www.slideshare.net/janakiramm/kubernetes-architecture},
  note={Accessed: 2017-03-03}
}

@misc{Mulyana:2016,
	author={E. Mulyana},
	title={Kubernetes Basics},
	month={May},
	year={2016},
	url={https://www.slideshare.net/e2m/kubernetes-basics},
  note={Accessed: 2017-03-03}
}

@misc{Kubernetes:pods:2016,
	title={Pods - Kubernetes},
	month={Dec},
	year={2016},
	url={https://kubernetes.io/docs/user-guide/pods},
  note={Accessed: 2017-03-03}
}

@misc{Kubernetes:kube-proxy:2016,
	title={kube-proxy - Kubernetes},
	month={Dec},
	year={2016},
	url={https://kubernetes.io/docs/admin/kube-proxy},
  note={Accessed: 2017-03-03}
}

@misc{Kubernetes:labels:2016,
	title={Labels and Selectors - Kubernetes},
	month={Dec},
	year={2016},
	url={https://kubernetes.io/docs/user-guide/labels},
  note={Accessed: 2017-03-03}
}

@misc{Kubernetes:replication-controller:2016,
	title={Replication Controller - Kubernetes},
	month={Dec},
	year={2016},
	url={https://kubernetes.io/docs/user-guide/replication-controller},
  note={Accessed: 2017-03-03}
}

@misc{Kubernetes:rolling-updates:2016,
	title={Rolling Updates - Kubernetes},
	month={Dec},
	year={2016},
	url={https://kubernetes.io/docs/user-guide/rolling-updates},
  note={Accessed: 2017-03-03}
}

@misc{Noble:2015,
  author={S. Noble},
	title={Network Function Virtualization or NFV Explained},
	month={Apr},
	year={2015},
	url={http://wikibon.com/network-function-virtualization-or-nfv-explained},
  note={Accessed: 2017-03-03}
}

@misc{Rivenes:2014,
  author={L. Rivenes},
	title={What is Network Function Virtualization (NFV)?},
	month={Sep},
	year={2014},
	url={https://datapath.io/resources/blog/network-function-virtualization-nfv},
  note={Accessed: 2017-03-03}
}

@misc{Tosca:NFV,
	title={Why is TOSCA Relevant to NFV? Explanation},
	url={https://www.sdxcentral.com/nfv/definitions/tosca-nfv-explanation},
  note={Accessed: 2017-03-19}
}

@misc{NFV:Architecture,
	title={NFV},
	url={https://sdn-wiki.fokus.fraunhofer.de/doku.php?id=nfv},
  note={Accessed: 2017-03-19}
}

@misc{Kahn:2015,
  author={F. Kahn},
  month={Mar},
	year={2015},
	title={Kubernetes User Case Studies},
	url={http://www.telecomlighthouse.com/a-cheat-sheet-for-understanding-nfv-architecture},
  note={Accessed: 2017-03-19}
}

@misc{Kubernetes:Case-Studies,
  author={The Kubernetes Authors},
	title={A Cheat Sheet for Understanding “NFV Architecture”},
	url={https://kubernetes.io/case-studies},
  note={Accessed: 2017-04-10}
}

@misc{Cloudify:Documentation,
  author={GigaSpaces Technologies},
	title={What Is Cloudify?},
	url={http://docs.getcloudify.org/3.4.2/intro/what-is-cloudify},
  note={Accessed: 2017-04-13}
}

@misc{Hardesty:2016,
  author={L. Hardesty},
  month={May},
	year={2016},
	title={It’s Surprising Who’s Using NFV MANO Code From Cloudify},
	url={https://www.sdxcentral.com/articles/news/surprising-whos-using-mano-code-cloudify/2016/05},
  note={Accessed: 2017-04-13}
}

@misc{Cloudify:MANO,
  author={GigaSpaces Technologies},
	title={Orchestration-First, Model-Driven NFV Cloud Management},
	url={http://getcloudify.org/network-function-virtualization-vnf-nfv-orchestration-sdn-platform.html},
  note={Accessed: 2017-04-14}
}

@misc{MQTT:FAQ,
  title={FAQ - Frequently Asked Questions | MQTT},
  url={http://mqtt.org/faq},
  note={Accessed: 2017-06-03}
}

@misc{Bayer:MQTT,
  author={T. Bayer},
  month={Mar},
	year={2016},
  title={MQTT, Einführung in das Protokoll für M2M und IoT},
  url={https://www.predic8.de/mqtt.htm},
  note={Accessed: 2017-06-03}
}

@misc{ZeroMQ:Guide,
  key={ZeroMQ Guide},
  title={ØMQ - The Guide},
  url={http://zguide.zeromq.org/page:all},
  note={Accessed: 2017-06-06}
}

@misc{ZeroMQ:inproc,
  key={zmq\_inproc(7) - 0MQ Api},
  title={zmq\_inproc(7) - 0MQ Api},
  url={http://api.zeromq.org/3-2:zmq-inproc},
  note={Accessed: 2017-06-06}
}

@misc{ZeroMQ:tcp,
  key={zmq\_tcp(7) - 0MQ Api},
  title={zmq\_tcp(7) - 0MQ Api},
  url={http://api.zeromq.org/3-2:zmq-tcp},
  note={Accessed: 2017-06-06}
}

@misc{ZeroMQ:pgm,
  key={zmq\_pgm(7) - 0MQ Api},
  title={zmq\_pgm(7) - 0MQ Api},
  url={http://api.zeromq.org/3-2:zmq-pgm},
  note={Accessed: 2017-06-06}
}

@misc{ZeroMQ:UicastTransports,
  key={ZeroMQ Guide - Unicast Transports},
  title={ØMQ - The Guide - Unicast Transports},
  url={http://zguide.zeromq.org/page:all#Unicast-Transports},
  note={Accessed: 2017-07-10}
}

@misc{Eclipse:Mosquitto,
  key={Eclipse Mosquitto},
  title={Eclipse Mosquitto},
  url={https://projects.eclipse.org/projects/technology.mosquitto},
  note={Accessed: 2017-06-15}
}

@misc{ProgramminLanguage:2017,
  key={Most Used Programming Languages 2017},
  title={Most Used Programming Languages 2017: The Trendiest \& Most Sought After Coding Languages},
  url={https://stackify.com/trendiest-programming-languages-hottest-sought-programming-languages-2017},
  note={Accessed: 2017-06-16}
}

@misc{Go:Documentation,
  key={Documentation - The Go Programming Language},
  title={Documentation - The Go Programming Language},
  url={https://golang.org/doc},
  note={Accessed: 2017-06-16}
}

@misc{Python:GarbageCollection,
  key={Python Garbage Collection - Digi Developer},
  title={Python Garbage Collection - Digi Developer},
  url={https://www.digi.com/wiki/developer/index.php/Python_Garbage_Collection},
  note={Accessed: 2017-06-17}
}

@misc{Peterson:PythonReleaseSchedule,
  author={B. Peterson},
  month={June},
  year={2016},
  title={Python 2.7 Release Schedule},
  url={http://legacy.python.org/dev/peps/pep-0373},
  note={Accessed: 2017-06-17}
}

@misc{HP:IoT:Security,
  key={HPE Fortify and the Internet of Things},
  title={HPE Fortify and the Internet of Things},
  url={http://go.saas.hpe.com/fod/internet-of-things},
  note={Accessed: 2017-06-17}
}

@misc{Flask:Documentation:Foreword,
  key={Foreword - Flask Documentation},
  title={Foreword - Flask Documentation},
  url={http://flask.pocoo.org/docs/0.12/foreword},
  note={Accessed: 2017-06-18}
}

@misc{Quora:Pinterest:Flask,
  key={Steve Cohen's answer to What challenges has Pinterest encountered with Flask?},
  title={Steve Cohen's answer to What challenges has Pinterest encountered with Flask? - Quora},
  url={https://www.quora.com/What-challenges-has-Pinterest-encountered-with-Flask/answer/Steve-Cohen},
  note={Accessed: 2017-06-18}
}

@misc{Twilio:Flask,
  key={Introducing Flask-RESTful},
  title={Introducing Flask-RESTful},
  url={https://www.twilio.com/engineering/2012/10/18/open-sourcing-flask-restful},
  note={Accessed: 2017-06-18}
}

@misc{OpenStack:IoT,
  key={OpenStack for IoT},
  title={Cloud Platform for IoT: Designing and Evaluating Large-Scale Data Collecting and Storing Platform | OpenStack Summit Videos},
  url={https://www.openstack.org/videos/video/cloud-platform-for-iot-designing-and-evaluating-large-scale-data-collecting-and-storing-platform},
  note={Accessed: 2017-06-25}
}

@misc{OpenStack:Kubernetes:IoT,
  key={OpenStack and Kubernetes},
  title={OpenStack and Kubernetes join forces for an Internet of Things platform},
  url={http://superuser.openstack.org/articles/openstack-and-kubernetes-join-forces-for-an-internet-of-things-platform},
  note={Accessed: 2017-06-25}
}

@misc{Travis:Build:148,
  key={Travis CI Motey build 148},
  title={Travis CI Motey build 148},
  url={https://travis-ci.org/Neoklosch/Motey/builds/242813268},
  note={Accessed: 2017-07-03}
}

@misc{Russell:Performance:2014,
  author={B. Russell},
  month={Apr},
  year={2014},
  title={KVM and docker LXC Benchmarking with OpenStack},
  url={https://de.slideshare.net/BodenRussell/kvm-and-docker-lxc-benchmarking-with-openstack},
  note={Accessed: 2017-07-10}
}

@misc{Mosquitto:Conf:Documentation,
  key={mosquitto.conf Documentation},
  title={mosquitto.conf},
  url={https://mosquitto.org/man/mosquitto-conf-5.html},
  note={Accessed: 2017-07-11}
}




============== article ==============
@article{Lyd:2016,
	author={B. Lydon},
	title={Industry 4.0: Intelligent and flexible production},
  journal={InTech Magazine},
  organization={The International Society of Automation},
	month={May-June},
	year={2016},
	url={https://www.isa.org/intech/20160601/},
  note={Accessed: 2017-02-13}
}

article{Tordera:2016,
  author    = {E. M. Tordera and
               X. Masip{-}Bruin and
               J. G. Almi{\~{n}}ana and
               A. Jukan and
               G.e Ren and
               J. Zhu and
               J. Farre},
  title     = {What is a Fog Node {A} Tutorial on Current Concepts towards a Common Definition},
  journal   = {CoRR},
  volume    = {abs/1611.09193},
  year      = {2016},
  url       = {http://arxiv.org/abs/1611.09193},
  timestamp = {Fri, 02 Dec 2016 10:38:13 +0100}
}


article{ETSI2014,
  organization={ETSI},
  title={Network Functions Virtualisation (NFV); Management and Orchestration},
  number={TJA1043},
  year={2014},
  month={Dec},
  edition={V1.1.1},
  url={http://www.etsi.org/deliver/etsi_gs/NFV-MAN/001_099/001/01.01.01_60/gs_NFV-MAN001v010101p.pdf},
  note={Accessed: 2017-01-14},
  address={Cham}
}

@article{Poovendran:2010,
  author={R. Poovendran},
  journal={Proceedings of the IEEE},
  title={Cyber Physical Systems: Close Encounters Between Two Parallel Worlds},
  year={2010},
  volume={98},
  number={8},
  pages={1363-1366},
  doi={10.1109/JPROC.2010.2050377},
  ISSN={0018-9219},
  month={Aug}
}

article{OASIS2015,
  organization={OASIS},
  title={TOSCA Simple Profile for Network Functions Virtualization (NFV)},
  number={TJA1043},
  year={2015},
  month={May},
  edition={Version 1.0},
  url={http://docs.oasis-open.org/tosca/tosca-nfv/v1.0/csd01/tosca-nfv-v1.0-csd01.pdf},
  note={Accessed: 2017-01-14}
}

@article{Olan:2003:UTT,
  author = {M. Olan},
  title = {Unit Testing: Test Early, Test Often},
  journal = {J. Comput. Sci. Coll.},
  issue_date = {December 2003},
  volume = {19},
  number = {2},
  month = {Dec},
  year = {2003},
  issn = {1937-4771},
  pages = {319--328},
  numpages = {10},
  url = {http://dl.acm.org/citation.cfm?id=948785.948830},
  acmid = {948830},
  publisher = {Consortium for Computing Sciences in Colleges},
  address = {USA},
}




============== books ==============
@book{Gallagher:2015,
  author={S. Gallagher},
  title={Mastering Docker},
  publisher={Packt Publishing Ltd.},
  year={2015},
  month={Dec},
  isbn={978-1-78528-703-9}
}

@book{lampkin:2012:mqtt,
  title={Building Smarter Planet Solutions with MQTT and IBM WebSphere MQ Telemetry},
  author={V. Lampkin and W.T. Leong and L. Olivera and S. Rawat and N. Subrahmanyam and R. Xiang and G. Kallas and N. Krishna and S. Fassmann and M. Keen and others},
  isbn={9780738437088},
  series={IBM redbooks},
  url={https://books.google.de/books?id=F_HHAgAAQBAJ},
  year={2012},
  publisher={IBM Redbooks}
}





============== Other ==============
incollection{Ver2013,
  author={N. L. Fantana and T. Riedel and J. Schlick and S. Ferber and J. Hupp and S. Miles and F. Michahelles and S. Svensson},
  title={IoT Applications — Value Creation for Industry},
  editor={Dr. Ovidiu Vermesan and Dr. Peter Friess},
  booktitle={Internet of Things: Converging Technologies for Smart Environments and Integrated Ecosystems},
  publisher={River Publishers},
  year={2013},
  pages={153-206},
  isbn={978-87-92982-73-5}
}

@TECHREPORT{Eva:2011,
	author={D. Evans},
	title={The Internet of Things: How the Next Evolution of the Internet Is Changing Everything},
	month={April},
	year={2011},
	institution={Cisco Internet Business Solutions Group (IBSG)},
	url={http://www.cisco.com/c/dam/en_us/about/ac79/docs/innov/IoT_IBSG_0411FINAL.pdf},
  note={Accessed: 2017-02-12}
}

@TECHREPORT{Itu11,
	title={ITU Internet Reports: The Internet of Things},
	month={November},
	year={2005},
	institution={International Telecommunication Union},
	url={https://www.itu.int/net/wsis/tunis/newsroom/stats/The-Internet-of-Things-2005.pdf},
  note={Accessed: 2017-02-12}
}

@TECHREPORT{Her:2015,
  author={M. Hermann and T. Pentek and B. Otto},
	title={Design Principles for Industrie 4.0 Scenarios: A Literature Review},
	month={Jan},
	year={2015},
	institution={Technische Universität Dortmund - Fakultät Maschinenbau},
	url={http://www.thiagobranquinho.com/wp-content/uploads/2016/11/Design-Principles-for-Industrie-4_0-Scenarios.pdf},
  note={Accessed: 2017-02-12}
}

@TECHREPORT{Vbw:2014,
	title={Dienstleistungspotenziale im Rahmen von Industrie 4.0},
	month={Mar},
	year={2014},
	institution={vbw Vereinigung der Bayerischen Wirtschaft e. V.},
	url={http://www.forschungsnetzwerk.at/downloadpub/dienstleistungspotenziale-industrie-4.0-mar-2014.pdf},
  note={Accessed: 2017-02-12}
}

@TECHREPORT{Sca:2011,
  author={K. Scarfone and M. Souppaya and P. Hoffman},
	title={Guide to Security for Full Virtualization Technologies},
	month={Jan},
	year={2011},
	institution={National Institute of Standards and Technology},
	url={http://nvlpubs.nist.gov/nistpubs/Legacy/SP/nistspecialpublication800-125.pdf},
  note={Accessed: 2017-02-19}
}

@TECHREPORT{IERC:2011,
	title={Internet of Things - Pan European Research and Innovation Vision},
	month={Oct},
	year={2011},
	institution={IERC - European Research Cluster on the Internet of Things},
	url={http://www.theinternetofthings.eu/sites/default/files/Rob%20van%20Kranenburg/IERC_IoT-Pan%20European%20Research%20and%20Innovation%20Vision_2011.pdf},
  note={Accessed: 2017-02-27}
}

@TECHREPORT{ETSI:NFV:2013,
	title={Network Function Virtualistion (NFV); Architectural Framework},
	month={Oct},
	year={2013},
	institution={ETSI - European Telecommunications Standards Institute},
	url={http://www.etsi.org/deliver/etsi_gs/nfv/001_099/002/01.01.01_60/gs_nfv002v010101p.pdf},
  note={Accessed: 2017-06-24}
}

@TECHREPORT{ETSI:MANO:2014,
  title={Network Functions Virtualisation (NFV); Management and Orchestration},
  month={Dec},
  year={2014},
  institution={ETSI - European Telecommunications Standards Institute},
  url={http://www.etsi.org/deliver/etsi_gs/NFV-MAN/001_099/001/01.01.01_60/gs_NFV-MAN001v010101p.pdf},
  note={Accessed: 2017-06-24}
}

@TECHREPORT{OpenFog:2017,
	title={OpenFog Reference Architecture for Fog Computing},
	month={Feb},
	year={2017},
	institution={OpenFog Consortium Architecture Working Group},
	url={https://www.openfogconsortium.org/wp-content/uploads/OpenFog_Reference_Architecture_2_09_17-FINAL.pdf},
  note={Accessed: 2017-06-24}
}

@TECHREPORT{IBM:Performance:2014,
	title={An Updated Performance Comparison of Virtual Machines and Linux Containers},
	month={Jul},
	year={2014},
	institution={IBM Research Division},
	url={http://domino.research.ibm.com/library/cyberdig.nsf/papers/0929052195DD819C85257D2300681E7B/$File/rc25482.pdf},
  note={Accessed: 2017-07-06}
}
